@INPROCEEDINGS{Duc2013,
       author = {{Duc}, P. -A.},
        title = "{What Collisional Debris can tell us about Galaxies}",
     keywords = {Astrophysics - Cosmology and Extragalactic Astrophysics},
    booktitle = {Galaxy Mergers in an Evolving Universe},
         year = 2013,
       editor = {{Sun}, W. -H. and {Xu}, C.~K. and {Scoville}, N.~Z. and {Sanders}, D.~B.},
       series = {Astronomical Society of the Pacific Conference Series},
       volume = {477},
        month = oct,
        pages = {47},
          doi = {10.48550/arXiv.1205.2297},
archivePrefix = {arXiv},
       eprint = {1205.2297},
 primaryClass = {astro-ph.CO},
       adsurl = {https://ui.adsabs.harvard.edu/abs/2013ASPC..477...47D},
      adsnote = {Provided by the SAO/NASA Astrophysics Data System}
}

@ARTICLE{Barnes+1992,
       author = {{Barnes}, Joshua E. and {Hernquist}, Lars},
        title = "{Dynamics of interacting galaxies.}",
      journal = {\araa},
     keywords = {Active Galaxies, Dynamics, Galactic Evolution, Interacting Galaxies, Starburst Galaxies, Dark Matter, Irregular Galaxies, Morphology, Astrophysics},
         year = 1992,
        month = jan,
       volume = {30},
        pages = {705-742},
          doi = {10.1146/annurev.aa.30.090192.003421},
       adsurl = {https://ui.adsabs.harvard.edu/abs/1992ARA&A..30..705B},
      adsnote = {Provided by the SAO/NASA Astrophysics Data System}
}

@ARTICLE{Eliche-Moral+2018,
       author = {{Eliche-Moral}, M.~C. and {Rodr{\'\i}guez-P{\'e}rez}, C. and {Borlaff}, A. and {Querejeta}, M. and {Tapia}, T.},
        title = "{Formation of S0 galaxies through mergers. Morphological properties: tidal relics, lenses, ovals, and other inner components}",
      journal = {\aap},
     keywords = {galaxies: bulges, galaxies: elliptical and lenticular, cD, galaxies: evolution, galaxies: formation, galaxies: interactions, galaxies: structure, Astrophysics - Astrophysics of Galaxies},
         year = 2018,
        month = oct,
       volume = {617},
          eid = {A113},
        pages = {A113},
          doi = {10.1051/0004-6361/201832911},
archivePrefix = {arXiv},
       eprint = {1806.06070},
 primaryClass = {astro-ph.GA},
       adsurl = {https://ui.adsabs.harvard.edu/abs/2018A&A...617A.113E},
      adsnote = {Provided by the SAO/NASA Astrophysics Data System}
}

@ARTICLE{Lotz+2008,
       author = {{Lotz}, Jennifer M. and {Jonsson}, Patrik and {Cox}, T.~J. and {Primack}, Joel R.},
        title = "{Galaxy merger morphologies and time-scales from simulations of equal-mass gas-rich disc mergers}",
      journal = {\mnras},
     keywords = {galaxies: evolution, galaxies: interactions, galaxies: structure, Astrophysics},
         year = 2008,
        month = dec,
       volume = {391},
       number = {3},
        pages = {1137-1162},
          doi = {10.1111/j.1365-2966.2008.14004.x},
archivePrefix = {arXiv},
       eprint = {0805.1246},
 primaryClass = {astro-ph},
       adsurl = {https://ui.adsabs.harvard.edu/abs/2008MNRAS.391.1137L},
      adsnote = {Provided by the SAO/NASA Astrophysics Data System}
}


@ARTICLE{van_der_Marel-2012,
       author = {{van der Marel}, Roeland P. and {Besla}, Gurtina and {Cox}, T.~J. and {Sohn}, Sangmo Tony and {Anderson}, Jay},
        title = "{The M31 Velocity Vector. III. Future Milky Way M31-M33 Orbital Evolution, Merging, and Fate of the Sun}",
      journal = {\apj},
     keywords = {galaxies: individual: M31, galaxies: kinematics and dynamics, Local Group, proper motions, Astrophysics - Galaxy Astrophysics},
         year = 2012,
        month = jul,
       volume = {753},
       number = {1},
          eid = {9},
        pages = {9},
          doi = {10.1088/0004-637X/753/1/9},
archivePrefix = {arXiv},
       eprint = {1205.6865},
 primaryClass = {astro-ph.GA},
       adsurl = {https://ui.adsabs.harvard.edu/abs/2012ApJ...753....9V},
      adsnote = {Provided by the SAO/NASA Astrophysics Data System}
}